<?xml version='1.0' encoding='UTF-8'?>
<record xmlns="http://www.loc.gov/MARC21/slim">
  <leader>00876cam a22002295  4500</leader>
  <controlfield tag="001">2788014</controlfield>
  <controlfield tag="003">NjP</controlfield>
  <controlfield tag="005">20171013181055.0</controlfield>
  <controlfield tag="008">991120s1959    sy a          000 0 ara d</controlfield>
  <datafield tag="024" ind1="7" ind2=" ">
    <subfield code="a">princeton_aco002109</subfield>
    <subfield code="2">local</subfield>
  </datafield>
  <datafield ind1=" " ind2=" " tag="035">
    <subfield code="a">(OCoLC)ocm42865646</subfield>
  </datafield>
  <datafield ind1=" " ind2=" " tag="035">
    <subfield code="9">CNJ7047TS</subfield>
  </datafield>
  <datafield ind1=" " ind2=" " tag="040">
    <subfield code="a">PUL</subfield>
    <subfield code="c">PUL</subfield>
  </datafield>
  <datafield ind1="1" ind2=" " tag="100">
    <subfield code="a">Kātib, Maḥmūd Fahmī.</subfield>
  </datafield>
  <datafield ind1="0" ind2="3" tag="245">
    <subfield code="a">al-Quṭn min nawāḥī al-nabātīyah wa-al-zirāʻīyah wa-al-ṣināʻīyah wa-al-iqtisādīyah ...</subfield>
  </datafield>
  <datafield ind1=" " ind2=" " tag="260">
    <subfield code="a">[Aleppo,</subfield>
    <subfield code="b">Maṭbaʻat al-Ahrām]</subfield>
    <subfield code="c">1959.</subfield>
  </datafield>
  <datafield ind1=" " ind2=" " tag="300">
    <subfield code="a">1239 p.</subfield>
    <subfield code="b">illus.</subfield>
    <subfield code="c">29 cm.</subfield>
  </datafield>
  <datafield ind1=" " ind2=" " tag="546">
    <subfield code="a">In Arabic.</subfield>
  </datafield>
  <datafield ind1=" " ind2=" " tag="500">
    <subfield code="a">By Maḥmūd Fahmī al-Kātib, Ibrāhīm Būlus, and Imīl Tawfīq.</subfield>
  </datafield>
  <datafield ind1=" " ind2="0" tag="650">
    <subfield code="a">Cotton.</subfield>
    <subfield code="0">http://id.loc.gov/authorities/subjects/sh85033302</subfield>
  </datafield>
  <datafield ind1="1" ind2=" " tag="700">
    <subfield code="a">Būlus, Ibrāhīm,</subfield>
    <subfield code="e">author.</subfield>
  </datafield>
  <datafield ind1=" " ind2=" " tag="945">
    <subfield code="a">F</subfield>
    <subfield code="b">1</subfield>
    <subfield code="c">2271.5083.23.374</subfield>
  </datafield>
  <datafield ind1=" " ind2=" " tag="911">
    <subfield code="a">20000130</subfield>
  </datafield>
  <datafield ind1="0" ind2="0" tag="852">
    <subfield code="0">3098978</subfield>
    <subfield code="b">nec</subfield>
    <subfield code="t">1</subfield>
    <subfield code="h">HD9870.5</subfield>
    <subfield code="i">.K385 1959</subfield>
  </datafield>
  <datafield ind1=" " ind2=" " tag="959">
    <subfield code="a">2009-06-30 14:28:11 -0400</subfield>
  </datafield>
</record>
